@MISC{Lovgivning,
	author = {Undervisningsministeriet},
	title = {Bekendtgørelse af lov om folkeskolen},
	howpublished = {\url{https://www.retsinformation.dk/forms/r0710.aspx?id=163970}},
	note = {Dato 20. juni 2014 --- Tilgået: 13-10-2015}
}